<?xml version="1.0" encoding="utf-8"?>
<record xmlns="http://www.loc.gov/MARC21/slim" xmlns:xsi="http://www.w3.org/2001/XMLSchema-instance" xsi:schemaLocation="http://www.loc.gov/MARC21/slim http://www.loc.gov/standards/marcxml/schema/MARC21slim.xsd">
	<leader>     nam a22     Mi 4500</leader>
	<controlfield tag="001">3169715</controlfield>
	<controlfield tag="003">NNC</controlfield>
	<controlfield tag="006">m        d        </controlfield>
	<controlfield tag="007">cr cn |||m|||a</controlfield>
	<controlfield tag="008">190315s1853    ua      o    f000 0 ara  </controlfield>
	<datafield ind1=" " ind2=" " tag="040">
		<subfield code="a">ZYU</subfield>
		<subfield code="b">ara</subfield>
		<subfield code="e">rda</subfield>
		<subfield code="c">ZYU</subfield>
	</datafield>
	<datafield ind1=" " ind2=" " tag="043">
		<subfield code="a">f-ua---</subfield>
	</datafield>
	<datafield ind1=" " ind2="4" tag="050">
		<subfield code="a">DT46</subfield>
		<subfield code="b">.M3 1853</subfield>
	</datafield>
	<datafield ind1="1" ind2=" " tag="100">
		<subfield code="a">Maqrīzī, Aḥmad ibn ʻAlī,</subfield>
		<subfield code="d">1364-1442.</subfield>
	</datafield>
	<datafield ind1="1" ind2="0" tag="245">
		<subfield code="a">Kitāb al-mawāʻiẓ wa-al-iʻtibār bi-dhikr al-khiṭaṭ wa-al-āthār, yakhtaṣṣu dhālika bi-akhbār iqlīm Miṣr wa-al-Nīl wa-dhikr al-Qāhirah wa-mā yataʻalliqu bihā wa-bi-iqlīmihā /</subfield>
		<subfield code="c">taʼlīf Taqī al-Dīn Aḥmad ibn ʻAlī ibn ʻAbd al-Qādir ibn Muḥammad al-maʻrūf bi-al-Maqrīzī.</subfield>
	</datafield>
	<datafield ind1="3" ind2=" " tag="246">
		<subfield code="a">Mawāʻiẓ wa-al-iʻtibār</subfield>
	</datafield>
	<datafield ind1="3" ind2=" " tag="246">
		<subfield code="a">Kitāb al-khiṭaṭ wa-āthār</subfield>
	</datafield>
	<datafield ind1="3" ind2=" " tag="246">
		<subfield code="a">Khiṭaṭ wa-al-āthār</subfield>
	</datafield>
	<datafield ind1=" " ind2=" " tag="260">
		<subfield code="a">Būlāq al-Qāhirah :</subfield>
		<subfield code="b">Dār al-Ṭibāʻah al-Miṣrīyah,</subfield>
		<subfield code="c">1270 [1853]</subfield>
	</datafield>
	<datafield ind1=" " ind2=" " tag="300">
		<subfield code="a">online resource (2 volumes)</subfield>
	</datafield>
	<datafield ind1=" " ind2=" " tag="336">
		<subfield code="a">text</subfield>
		<subfield code="2">rdacontent</subfield>
	</datafield>
	<datafield ind1=" " ind2=" " tag="337">
		<subfield code="a">computer</subfield>
		<subfield code="2">rdamedia</subfield>
	</datafield>
	<datafield ind1=" " ind2=" " tag="338">
		<subfield code="a">online resource</subfield>
		<subfield code="2">rdacarrier</subfield>
	</datafield>
	<datafield ind1=" " ind2=" " tag="500">
		<subfield code="a">Edited by Muḥammad ibn ʻAbd al-Raḥmān Quṭṭah al-ʻAdawī. f. colophon.</subfield>
	</datafield>
	<datafield ind1=" " ind2=" " tag="500">
		<subfield code="a">Vol. 2 has title: al-Juzʼ al-thānī min Kitāb al-khiṭaṭ wa-al-āthār fī Miṣr wa-al-Qāhirah wa-al-Nīl wa-mā yataʻalliqu bihā.</subfield>
	</datafield>
	<datafield ind1=" " ind2=" " tag="500">
		<subfield code="a">Part of the Arabic Collections Online (ACO) project, contributed by Columbia University Libraries.</subfield>
	</datafield>
	<datafield ind1=" " ind2=" " tag="533">
		<subfield code="a">Electronic reproduction.</subfield>
		<subfield code="b">New York, N.Y. :</subfield>
		<subfield code="c">New York University,</subfield>
		<subfield code="d">2019.</subfield>
		<subfield code="5">NNU</subfield>
	</datafield>
	<datafield ind1=" " ind2="0" tag="651">
		<subfield code="a">Egypt.</subfield>
	</datafield>
	<datafield ind1=" " ind2="7" tag="651">
		<subfield code="a">Egypt.</subfield>
		<subfield code="2">fast</subfield>
		<subfield code="0">(OCoLC)fst01208755</subfield>
	</datafield>
	<datafield ind1="2" ind2=" " tag="710">
		<subfield code="a">Columbia University.</subfield>
		<subfield code="b">Libraries.</subfield>
	</datafield>
	<datafield ind1="0" ind2=" " tag="730">
		<subfield code="a">Arabic Collections Online.</subfield>
	</datafield>
	<datafield ind1="0" ind2="8" tag="776">
		<subfield code="i">Online version:</subfield>
		<subfield code="a">Maqrīzī, Aḥmad ibn ʻAlī, 1364-1442.</subfield>
		<subfield code="t">Kitāb al-mawāʻiẓ wa-al-iʻtibār bi-dhikr al-khiṭaṭ wa-al-āthār, yakhtaṣṣu dhālika bi-akhbār iqlīm Miṣr wa-al-Nīl wa-dhikr al-Qāhirah wa-mā yataʻalliqu bihā wa-bi-iqlīmihā.</subfield>
		<subfield code="d">Būlāq al-Qāhirah : Dār al-Ṭibāʻah al-Miṣrīyah, 1270 [1853].</subfield>
		<subfield code="w">(OCoLC)600806792</subfield>
	</datafield>
	<datafield ind1="0" ind2="8" tag="776">
		<subfield code="i">Print version:</subfield>
		<subfield code="a">Maqrīzī, Aḥmad ibn ʻAlī, 1364-1442.</subfield>
		<subfield code="t">Kitāb al-mawāʻiẓ wa-al-iʻtibār bi-dhikr al-khiṭaṭ wa-al-āthār, yakhtaṣṣu dhālika bi-akhbār iqlīm Miṣr wa-al-Nīl wa-dhikr al-Qāhirah wa-mā yataʻalliqu bihā wa-bi-iqlīmihā</subfield>
		<subfield code="w">(NNC)3169715</subfield>
		<subfield code="w">(DLC)   59049544 </subfield>
		<subfield code="w">(OCoLC)23483580</subfield>
	</datafield>
	<datafield ind1="4" ind2="0" tag="856">
		<subfield code="u">http://hdl.handle.net/2333.1/6hdr81xm</subfield>
	</datafield>
	<datafield ind1=" " ind2=" " tag="959">
		<subfield code="a">NNU</subfield>
		<subfield code="b">WEB</subfield>
		<subfield code="c">GENI</subfield>
		<subfield code="t">0</subfield>
		<subfield code="m">Electronic access</subfield>
		<subfield code="s">01</subfield>
	</datafield>
	<datafield ind1=" " ind2=" " tag="999">
		<subfield code="i">NNC_3169715</subfield>
		<subfield code="o">(OCoLC)ocm23483580 </subfield>
		<subfield code="s">columbia_aco003793:v.1</subfield>
		<subfield code="s">columbia_aco003794:v.2</subfield>
		<subfield code="e">(ERROR-880)</subfield>
	</datafield>
</record>
